<record><leader>00000cas a22000007a 4500</leader><controlfield tag="001">9390110</controlfield><controlfield tag="008">830408d18871979mtuwr ne      0   a0eng d</controlfield><datafield ind1=" " ind2=" " tag="010"><subfield code="a">sn 83025325 </subfield></datafield><datafield ind1=" " ind2=" " tag="040"><subfield code="a">NPV</subfield><subfield code="b">eng</subfield><subfield code="c">NPV</subfield><subfield code="d">MTL</subfield><subfield code="d">OCLCQ</subfield></datafield><datafield ind1=" " ind2=" " tag="042"><subfield code="a">msc</subfield></datafield><datafield ind1=" " ind2=" " tag="043"><subfield code="a">n-us-mt</subfield></datafield><datafield ind1=" " ind2=" " tag="045"><subfield code="a">w8x-</subfield></datafield><datafield ind1=" " ind2=" " tag="052"><subfield code="a">4253</subfield><subfield code="b">R3</subfield></datafield><datafield ind1="0" ind2=" " tag="130"><subfield code="a">North west tribune (Stevensville, Mont.)</subfield></datafield><datafield ind1="1" ind2="0" tag="245"><subfield code="a">North west tribune.</subfield></datafield><datafield ind1="3" ind2="0" tag="246"><subfield code="a">Northwest tribune</subfield></datafield><datafield ind1="3" ind2="0" tag="246"><subfield code="a">Northwest tribune and Stevensville register</subfield></datafield><datafield ind1=" " ind2=" " tag="260"><subfield code="a">Stevensville, Mont. :</subfield><subfield code="b">Hoss Bros.,</subfield><subfield code="c">-1979.</subfield></datafield><datafield ind1=" " ind2=" " tag="300"><subfield code="a">v. :</subfield><subfield code="b">ill. ;</subfield><subfield code="c">56-61 cm.</subfield></datafield><datafield ind1=" " ind2=" " tag="310"><subfield code="a">Weekly</subfield></datafield><datafield ind1="0" ind2=" " tag="362"><subfield code="a">-v. no. 17 (May 3, 1979).</subfield></datafield><datafield ind1="1" ind2=" " tag="362"><subfield code="a">Began in 1887.</subfield><subfield code="z">Cf. Gregory.</subfield></datafield><datafield ind1=" " ind2=" " tag="588"><subfield code="a">Description based on: Vol. 1, no. 12 (July 1, 1887).</subfield></datafield><datafield ind1=" " ind2=" " tag="752"><subfield code="a">United States</subfield><subfield code="b">Montana</subfield><subfield code="c">Ravalli</subfield><subfield code="d">Stevensville.</subfield></datafield><datafield ind1="0" ind2="5" tag="780"><subfield code="t">Stevensville register</subfield><subfield code="w">(DLC)sn 86075291</subfield></datafield></record>